<?xml version="1.0" encoding="UTF-8"?><record xmlns="http://www.loc.gov/MARC21/slim" xmlns:cinclude="http://apache.org/cocoon/include/1.0" xmlns:zs="http://www.loc.gov/zing/srw/">
  <leader>00763cz  a2200229n  4500</leader>
  <controlfield tag="001">no2001065414</controlfield>
  <controlfield tag="003">DLC</controlfield>
  <controlfield tag="005">20140715073810.0</controlfield>
  <controlfield tag="008">010816n| azannaabn          |n aaa     c</controlfield>
  <datafield tag="010" ind1=" " ind2=" ">
    <subfield code="a">no2001065414</subfield>
  </datafield>
  <datafield tag="035" ind1=" " ind2=" ">
    <subfield code="a">(OCoLC)oca05560680</subfield>
  </datafield>
  <datafield tag="040" ind1=" " ind2=" ">
    <subfield code="a">DGU-L</subfield>
    <subfield code="b">eng</subfield>
    <subfield code="e">rda</subfield>
    <subfield code="c">DGU-L</subfield>
    <subfield code="d">SaPrNL</subfield>
  </datafield>
  <datafield tag="046" ind1=" " ind2=" ">
    <subfield code="f">19641120</subfield>
  </datafield>
  <datafield tag="100" ind1="1" ind2=" ">
    <subfield code="a">Kopel, Shawn</subfield>
  </datafield>
  <datafield tag="370" ind1=" " ind2=" ">
    <subfield code="c">South Africa</subfield>
  </datafield>
  <datafield tag="372" ind1=" " ind2=" ">
    <subfield code="a">Law</subfield>
    <subfield code="2">lcsh</subfield>
  </datafield>
  <datafield tag="375" ind1=" " ind2=" ">
    <subfield code="a">male</subfield>
  </datafield>
  <datafield tag="377" ind1=" " ind2=" ">
    <subfield code="a">eng</subfield>
  </datafield>
  <datafield tag="378" ind1=" " ind2=" ">
    <subfield code="q">Shawn Kieron</subfield>
  </datafield>
  <datafield tag="670" ind1=" " ind2=" ">
    <subfield code="a">Guide to business law, 2000:</subfield>
    <subfield code="b">t.p. (Shawn Kopel) Pref. (BA, LLB, LLM, PDM (Witwatersrand), Attorney of the High Court of South Africa)</subfield>
  </datafield>
  <datafield tag="670" ind1=" " ind2=" ">
    <subfield code="a">SANB correspondence with author, Aug. 2, 1996</subfield>
    <subfield code="b">(full name: Kopel, Shawn Kieron; date of birth: November 20, 1964)</subfield>
  </datafield>
  <datafield tag="700" ind1="1" ind2="7">
    <subfield code="a">Kopel, Shawn,</subfield>
    <subfield code="d">1964-</subfield>
    <subfield code="2">sanb</subfield>
  </datafield>
</record>